@Article{Einstein,
  author =       "Albert Einstein",
  title =        "{Zur Elektrodynamik bewegter K{\"o}rper}. ({German})
                 [{On} the electrodynamics of moving bodies]",
  journal =      "Annalen der Physik",
  volume =       "322",
  number =       "10",
  pages =        "891--921",
  year =         "1905",
  DOI =          "http://dx.doi.org/10.1002/andp.19053221004"
} 

@article{EDGV,
    title = {{Especificações Técnicas para Estruturação de dados geoespaciais digitais vetoriais}},
    year = {2007},
    journal = {NCB - CONCAR},
    author = {Norma Cartográfica Brasileira},
    pages = {90--102},
    volume = {},
    publisher = {CONCAR},
    url = {http://www.concar.ibge.gov.br/detalheDocumentos.aspx?cod=94},
    isbn = {},
    doi = {},
    issn = {},
    keywords = {}
    
